@misc{Nash,
    title = {{Pitching Mound History--balance between pitchers and batters}},
    author = {Nash, Earl},
    url = {https://bosoxinjection.com/2013/12/13/pitching-mound-history/}
}

@misc{Arthur2017,
    title = {{In MLB’s New Home Run Era, It’s The Baseballs That Are Juicing | FiveThirtyEight}},
    year = {2017},
    booktitle = {FiveThirtyEight},
    author = {Arthur, Rob},
    url = {https://fivethirtyeight.com/features/in-mlbs-new-home-run-era-its-the-baseballs-that-are-juicing/}
}

@article{Kahle2013,
    title = {{ggmap : Spatial Visualization with}},
    year = {2013},
    journal = {The R Journal},
    author = {Kahle, David and Wickham, Hadley},
    number = {1},
    pages = {144--161},
    volume = {5},
    url = {http://journal.r-project.org/archive/2013-1/kahle-wickham.pdf},
    isbn = {2073-4859},
    doi = {10.1023/A:1009843930701},
    issn = {ISSN 2073-4859},
    pmid = {19960118}
}

@article{Getz2009,
    title = {{Going , Going , Gone !: How the Home Run Has Changed Major League Baseball Going , Going , Gone !: How the Home Run Has Changed Major League}},
    year = {2009},
    author = {Getz, David},
    number = {1},
    volume = {10}
}

@article{Albert2018,
    title = {{Report of the Committee Studying Home Run Rates in Major League Baseball}},
    year = {2018},
    author = {Albert, Jim and Bartroff, Jay and Blandford, Roger and Brooks, Dan and Derenski, Josh and Goldstein, Larry and Peko, Anette ( and Hosoi, ) and Lorden, Gary and Nathan, Alan and Smith, Lloyd},
    pages = {1--84}
}

@misc{Gleeson2018,
    title = {{Astros' Justin Verlander calls out juiced baseballs: 'I don’t like being lied to'}},
    year = {2018},
    author = {Gleeson, Scott},
    url = {https://www.usatoday.com/story/sports/mlb/astros/2018/03/02/justin-verlander-juiced-baseballs/388100002/}
}

@misc{Arthur2018,
    title = {{We X-Rayed Some MLB Baseballs. Here’s What We Found. | FiveThirtyEight}},
    year = {2018},
    author = {Arthur, Rob and Dix, Tim},
    url = {https://fivethirtyeight.com/features/juiced-baseballs/}
}

@misc{Cargill2016,
    title = {{Play ball! When it comes to baseball leather, not just any hide will do | Cargill}},
    year = {2016},
    author = {{Cargill}},
    url = {https://www.cargill.com/story/play-ball}
}

@misc{Petti2018BillLinkedIn,
    title = {{Bill Petti - Global Data Strategist - Gallup | LinkedIn}},
    year = {2018},
    booktitle = {Linkedin},
    author = {Petti, Bill},
    url = {https://www.linkedin.com/in/billpetti}
}